Quarter,Sales
Q1-2002,50147
Q2-2002,49325
Q3-2002,57048
Q4-2002,76781
Q1-2003,48617
Q2-2003,50898
Q3-2003,58517
Q4-2003,77691
Q1-2004,50862
Q2-2004,53028
Q3-2004,58849
Q4-2004,79660
Q1-2005,51640
Q2-2005,54119
Q3-2005,65681
Q4-2005,85175
Q1-2006,56405
Q2-2006,60031
Q3-2006,71486
Q4-2006,92183
Q1-2007,60800
Q2-2007,64900
Q3-2007,76997
Q4-2007,103337
